@article{deb2014algorithms,
  title={Algorithms for enhanced inter-cell interference coordination (eICIC) in LTE HetNets},
  author={Deb, Supratim and Monogioudis, Pantelis and Miernik, Jerzy and Seymour, James P},
  journal={IEEE/ACM transactions on networking},
  volume={22},
  number={1},
  pages={137--150},
  year={2014},
  publisher={IEEE}
}
@inproceedings{simsek2013enhanced,
  title={Enhanced intercell interference coordination in HetNets: Single vs. multiflow approach},
  author={Simsek, Meryem and Bennis, Mehdi and Guvenc, Ismail},
  booktitle={Globecom Workshops (GC Wkshps), 2013 IEEE},
  pages={725--729},
  year={2013},
  organization={IEEE}
}
@article{lopez2011enhanced,
  title={Enhanced intercell interference coordination challenges in heterogeneous networks},
  author={Lopez-Perez, David and Guvenc, Ismail and De la Roche, Guillaume and Kountouris, Marios and Quek, Tony QS and Zhang, Jie},
  journal={IEEE Wireless Communications},
  volume={18},
  number={3},
  year={2011},
  publisher={IEEE}
}
@book{ramiro2011self,
  title={Self-organizing networks (SON): Self-planning, self-optimization and self-healing for GSM, UMTS and LTE},
  author={Ramiro, Juan and Hamied, Khalid},
  year={2011},
  publisher={John Wiley \& Sons}
}
@book{sutton1998reinforcement,
  title={Reinforcement learning: An introduction},
  author={Sutton, Richard S and Barto, Andrew G},
  volume={1},
  number={1},
  year={1998},
  publisher={MIT press Cambridge}
}
@article{etsi2017136,
  title={136 211},
  author={ETSI, TS},
  journal={Evolved Universal Terrestrial Radio Access Network (E-UTRAN); X2 general aspects and principles (3GPP 	  TS 36.420 version 14.0.1 Release 14)},
  year={2017}
}